@inproceedings{moller2005fast,
  title={Fast, minimum storage ray/triangle intersection},
  author={M{\"o}ller, Tomas and Trumbore, Ben},
  booktitle={ACM SIGGRAPH 2005 Courses},
  pages={7},
  year={2005},
  organization={ACM}
}
@inproceedings{whitted1979improved,
  title={An improved illumination model for shaded display},
  author={Whitted, Turner},
  booktitle={ACM SIGGRAPH Computer Graphics},
  volume={13},
  number={2},
  pages={14},
  year={1979},
  organization={ACM}
}
@article{heckbert1989derivation,
  title={Derivation of Refraction Formulas},
  author={Heckbert, Paul S},
  journal={Introduction to Ray Tracing},
  pages={288--293},
  year={1989}
}
@article{sobel19683x3,
  title={A 3x3 isotropic gradient operator for image processing},
  author={Sobel, Irwin and Feldman, Gary},
  year={1968}
}